% This file was created with JabRef 2.10.
% Encoding: Cp1252


@Book{forouzan2006data,
  Title                    = {Data Communications \& Networking (sie)},
  Author                   = {Forouzan, A Behrouz},
  Publisher                = {Tata McGraw-Hill Education},
  Year                     = {2006},

  Owner                    = {Stefan},
  Timestamp                = {2015.04.17}
}

@Article{hamming1950error,
  Title                    = {Error detecting and error correcting codes},
  Author                   = {Hamming, Richard W},
  Journal                  = {Bell System technical journal},
  Year                     = {1950},
  Number                   = {2},
  Pages                    = {147--160},
  Volume                   = {29},

  Owner                    = {Stefan},
  Publisher                = {Wiley Online Library},
  Timestamp                = {2015.04.15}
}

@Book{mackay2003information,
  Title                    = {Information theory, inference, and learning algorithms},
  Author                   = {MacKay, David JC},
  Publisher                = {Citeseer},
  Year                     = {2003},
  Volume                   = {7},

  Owner                    = {Stefan},
  Timestamp                = {2015.04.15}
}

@Article{moon2005error,
  Title                    = {Error correction coding},
  Author                   = {Moon, Todd K},
  Journal                  = {Mathematical Methods and Algorithms. Jhon Wiley and Son},
  Year                     = {2005},

  Owner                    = {Stefan},
  Timestamp                = {2015.04.15}
}

@Book{vucetic2002turbo,
  Title                    = {Turbo codes},
  Author                   = {Vucetic, Branka and Yuan, Jinhong},
  Publisher                = {Kluwer Academic},
  Year                     = {2002},

  Owner                    = {Stefan},
  Timestamp                = {2015.04.15}
}

@book{frenzel2007principles,
  title={Principles of electronic communication systems},
  author={Frenzel, Louis},
  year={2007},
  publisher={McGraw-Hill, Inc.}
}

@article{gardner1986binary,
  title={The binary Gray code},
  author={Gardner, Martin},
  journal={Knotted Doughnuts and Other Mathematical Entertainments},
  pages={11--27},
  year={1986},
  publisher={WH Freeman New York, NY, USA}
}

@article{hamming1950error,
  title={Error detecting and error correcting codes},
  author={Hamming, Richard W},
  journal={Bell Labs Technical Journal},
  volume={29},
  number={2},
  pages={147--160},
  year={1950},
  publisher={Wiley Online Library}
}

@article{hanzo2004quadrature,
  title={Quadrature Amplitude Modulation},
  author={Hanzo, L and Ng, SX and Keller, T and Webb, WT},
  year={2004},
  publisher={Citeseer}
}

@article{huan1995likelihood,
  title={Likelihood methods for MPSK modulation classification},
  author={Huan, Chung-Yu and Polydoros, Andreas},
  journal={IEEE Transactions on Communications},
  volume={43},
  number={234},
  pages={1493--1504},
  year={1995},
  publisher={IEEE}
}

@article{li2008simulink,
  title={Simulink-based simulation of quadrature amplitude modulation (QAM) system},
  author={Li, Xiaolong},
  journal={Proceedings of IAJC-IJME},
  year={2008}
}

@book{wang1997matlab,
  title={MATLAB Communications Toolbox: User's Guide},
  author={Wang, Weicheng},
  year={1997},
  publisher={MathWorks}



}
@book{dorf2011modern,
  title={Modern control systems},
  author={Dorf, Richard C and Bishop, Robert H},
  year={2011},
  publisher={Pearson}
}
