% This file was created with JabRef 2.10.
% Encoding: Cp1252


@Book{forouzan2006data,
  Title                    = {Data Communications \& Networking (sie)},
  Author                   = {Forouzan, A Behrouz},
  Publisher                = {Tata McGraw-Hill Education},
  Year                     = {2006},

  Owner                    = {Stefan},
  Timestamp                = {2015.04.17}
}

@Article{hamming1950error,
  Title                    = {Error detecting and error correcting codes},
  Author                   = {Hamming, Richard W},
  Journal                  = {Bell System technical journal},
  Year                     = {1950},
  Number                   = {2},
  Pages                    = {147--160},
  Volume                   = {29},

  Owner                    = {Stefan},
  Publisher                = {Wiley Online Library},
  Timestamp                = {2015.04.15}
}

@Book{mackay2003information,
  Title                    = {Information theory, inference, and learning algorithms},
  Author                   = {MacKay, David JC},
  Publisher                = {Citeseer},
  Year                     = {2003},
  Volume                   = {7},

  Owner                    = {Stefan},
  Timestamp                = {2015.04.15}
}

@Article{moon2005error,
  Title                    = {Error correction coding},
  Author                   = {Moon, Todd K},
  Journal                  = {Mathematical Methods and Algorithms. Jhon Wiley and Son},
  Year                     = {2005},

  Owner                    = {Stefan},
  Timestamp                = {2015.04.15}
}

@Book{vucetic2002turbo,
  Title                    = {Turbo codes},
  Author                   = {Vucetic, Branka and Yuan, Jinhong},
  Publisher                = {Kluwer Academic},
  Year                     = {2002},

  Owner                    = {Stefan},
  Timestamp                = {2015.04.15}
}

